<?xml version="1.0" encoding="UTF-8"?><record xmlns="http://www.loc.gov/MARC21/slim" xmlns:cinclude="http://apache.org/cocoon/include/1.0" xmlns:zs="http://www.loc.gov/zing/srw/">
  <leader>00417nz  a2200121n  4500</leader>
  <controlfield tag="001">n  99053803 </controlfield>
  <controlfield tag="003">DLC</controlfield>
  <controlfield tag="005">19990813143953.0</controlfield>
  <controlfield tag="008">990726n| acannaabn          |n aaa |||  </controlfield>
  <datafield tag="010" ind1=" " ind2=" ">
    <subfield code="a">n  99053803 </subfield>
  </datafield>
  <datafield tag="040" ind1=" " ind2=" ">
    <subfield code="a">DLC</subfield>
    <subfield code="b">eng</subfield>
    <subfield code="c">DLC</subfield>
  </datafield>
  <datafield tag="100" ind1="1" ind2=" ">
    <subfield code="a">Bavaud, François</subfield>
  </datafield>
  <datafield tag="670" ind1=" " ind2=" ">
    <subfield code="a">Modèles et données, c1998:</subfield>
    <subfield code="b">t.p. (François Bavaud) p. 4 of cover (theoretical physicist, teaches statistics at the universities of Lausanne and Geneva)</subfield>
  </datafield>
</record>